@MISC{lewenstein,
      TITLE = "Вычисление расстояния Левенштейна",
      Day = 6,
      MONTH = sept,
      YEAR = 2021,
      NOTE = "url{https://foxford.ru/wiki/informatika/vychislenie-rasstoyaniyalevenshteyna}"
}

@MISC{python,
      TITLE = "Официальный сайт Python, документация",
      Day = 6,
      MONTH = sept,
      YEAR = 2021,
      NOTE = "url{https://docs.python.org/3/library/time.html}"
}